<record><leader>00000cas a22000007a 4500</leader><controlfield tag="001">12868839</controlfield><controlfield tag="008">851204d187u18uumsuir ne      0    0eng d</controlfield><datafield ind1=" " ind2=" " tag="010"><subfield code="a">sn 85034449 </subfield></datafield><datafield ind1=" " ind2=" " tag="040"><subfield code="a">NPU</subfield><subfield code="b">eng</subfield><subfield code="c">NPU</subfield><subfield code="d">OCLCQ</subfield></datafield><datafield ind1=" " ind2=" " tag="042"><subfield code="a">msc</subfield></datafield><datafield ind1="0" ind2=" " tag="130"><subfield code="a">Tri-weekly gazette (Meridian, Miss. : 1873)</subfield></datafield><datafield ind1="1" ind2="4" tag="245"><subfield code="a">The Tri-weekly gazette.</subfield></datafield><datafield ind1=" " ind2=" " tag="260"><subfield code="a">Meridian, Miss. :</subfield><subfield code="b">F.T. Cooper</subfield></datafield><datafield ind1=" " ind2=" " tag="300"><subfield code="a">v. ;</subfield><subfield code="c">56 cm.</subfield></datafield><datafield ind1=" " ind2=" " tag="310"><subfield code="a">Triweekly</subfield></datafield><datafield ind1=" " ind2=" " tag="588"><subfield code="a">Description based on: Vol. 5, no. 105 (Sept. 30, 1873).</subfield></datafield><datafield ind1=" " ind2=" " tag="752"><subfield code="a">United States</subfield><subfield code="b">Mississippi</subfield><subfield code="d">Meridian.</subfield></datafield></record>